@article{ref1, 
	author={LogicLab}, 
	journal={An example journal}, 
	title={Logic Lab}, 
	year={2019}, 
	volume={22}, 
	number={4}, 
	pages={10-16}, 
	month={February},}

@booklet{booklet,
    author = "Istanbul Technical University Department of Computer Engineering",
    title = "BLG 242E Logic Circuits Laboratory Experiments Booklet Version 1.9",
    year = "Spring 2019",
}

% https://en.wikibooks.org/wiki/LaTeX/Bibliography_Management
 
@misc{reportGuide,
    title     = "Detailed info on writing reports https://projects.ncsu.edu/labwrite/res/res-studntintro-labparts.html",
    url       = "https://projects.ncsu.edu/labwrite/res/res-studntintro-labparts.html"
}

@misc{overleaf,
    title = "Overleaf Documentation https://tr.overleaf.com/learn",
    url = "https://tr.overleaf.com/learn"
}