@ARTICLE{ref1, 
	author={LogicLab}, 
	journal={An example journal}, 
	title={Logic Lab}, 
	year={2019}, 
	volume={22}, 
	number={4}, 
	pages={10-16}, 
	month={February},}